<?xml version="1.0" encoding="UTF-8"?><collection xmlns="http://www.loc.gov/MARC21/slim"><record><leader>00427nam--2200169-i-4500</leader><controlfield tag="001">000041800</controlfield><controlfield tag="002">20161230</controlfield><controlfield tag="005">20170113001218</controlfield><controlfield tag="008">060222s1000------------r-----000-0-eng-d</controlfield><datafield ind1=" " ind2=" " tag="080"><subfield code="a">539.14(061.3)</subfield></datafield><datafield ind1=" " ind2=" " tag="100"><subfield code="a">Skolen, L. O</subfield></datafield><datafield ind1=" " ind2=" " tag="245"><subfield code="a">4th International Conf. on Nuclei from Stability</subfield></datafield><datafield ind1=" " ind2=" " tag="260"><subfield code="a">Geneve</subfield><subfield code="b">Cern</subfield><subfield code="c">1981</subfield></datafield><datafield ind1=" " ind2=" " tag="300"><subfield code="a">VIII+/361-809/p</subfield></datafield><datafield ind1=" " ind2=" " tag="490"><subfield code="a">Cern-81-09</subfield></datafield><datafield ind1=" " ind2=" " tag="852"><subfield code="a">13458</subfield></datafield><datafield ind1=" " ind2=" " tag="CAT"><subfield code="a">SYS</subfield><subfield code="c">20170113</subfield><subfield code="h">001218</subfield></datafield></record></collection>